<collection xmlns="http://www.loc.gov/MARC21/slim">
   <record>
      <leader>02318cam a2200433 i 4500</leader>
      <controlfield tag="001">6812577</controlfield>
      <controlfield tag="003">OCoLC</controlfield>
      <controlfield tag="005">20150216105422.0</controlfield>
      <controlfield tag="008">140909t20152015onca          001 0 eng  </controlfield>
      <datafield ind1=" " ind2=" " tag="016">
         <subfield code="a">20149061390</subfield>
      </datafield>
      <datafield ind1=" " ind2=" " tag="020">
         <subfield code="a">9781550772333 (bound)</subfield>
      </datafield>
      <datafield ind1=" " ind2=" " tag="020">
         <subfield code="a">1550772333 (bound)</subfield>
      </datafield>
      <datafield ind1=" " ind2=" " tag="035">
         <subfield code="a">ocn904184965</subfield>
      </datafield>
      <datafield ind1=" " ind2=" " tag="040">
         <subfield code="a">NLC</subfield>
         <subfield code="b">eng</subfield>
         <subfield code="e">rda</subfield>
         <subfield code="c">NLC</subfield>
         <subfield code="d">OCLCO</subfield>
         <subfield code="d">BTCTA</subfield>
         <subfield code="d">CDX</subfield>
         <subfield code="d">UAB</subfield>
         <subfield code="d">AEU</subfield>
      </datafield>
      <datafield ind1=" " ind2="4" tag="050">
         <subfield code="a">QP303</subfield>
         <subfield code="b">.T44 2015</subfield>
      </datafield>
      <datafield ind1=" " ind2="0" tag="055">
         <subfield code="a">QP303</subfield>
         <subfield code="b">T44 2015</subfield>
      </datafield>
      <datafield ind1="0" ind2="4" tag="082">
         <subfield code="a">612.7/6</subfield>
         <subfield code="2">23</subfield>
      </datafield>
      <datafield ind1=" " ind2=" " tag="090">
         <subfield code="a">QP 303 T44 2015</subfield>
         <subfield code="b">AEU</subfield>
      </datafield>
      <datafield ind1="1" ind2=" " tag="100">
         <subfield code="a">Temertzoglou, Ted,</subfield>
         <subfield code="d">1964-</subfield>
         <subfield code="e">author.</subfield>
         <subfield code="0">http://id.loc.gov/authorities/names/no2016010135</subfield>
         <subfield code="0">http://viaf.org/viaf/106440835</subfield>
      </datafield>
      <datafield ind1="1" ind2="0" tag="245">
         <subfield code="a">Kinesiology :</subfield>
         <subfield code="b">an introduction to exercise science /</subfield>
         <subfield code="c">Ted Temertzoglou (Lead Author, Health and Physical Education Consultant, Toronto) ; contributing authors, James Mandigo (Brock University), Paul Challen (Sports Writer and Author), Lori Livingston (Lakehead University), Brian Roy (Brock University).</subfield>
      </datafield>
      <datafield ind1=" " ind2="1" tag="264">
         <subfield code="a">Toronto, Ontario :</subfield>
         <subfield code="b">Thompson Educational Publishing, Inc.,</subfield>
         <subfield code="c">[2015]</subfield>
      </datafield>
      <datafield ind1=" " ind2="4" tag="264">
         <subfield code="c">©2015</subfield>
      </datafield>
      <datafield ind1=" " ind2=" " tag="300">
         <subfield code="a">xi, 469 pages :</subfield>
         <subfield code="b">color illustrations ;</subfield>
         <subfield code="c">29 cm</subfield>
      </datafield>
      <datafield ind1=" " ind2=" " tag="336">
         <subfield code="a">text</subfield>
         <subfield code="b">txt</subfield>
         <subfield code="2">rdacontent</subfield>
         <subfield code="0">http://id.loc.gov/vocabulary/contentTypes/txt</subfield>
      </datafield>
      <datafield ind1=" " ind2=" " tag="336">
         <subfield code="a">still image</subfield>
         <subfield code="b">sti</subfield>
         <subfield code="2">rdacontent</subfield>
         <subfield code="0">http://id.loc.gov/vocabulary/contentTypes/sti</subfield>
      </datafield>
      <datafield ind1=" " ind2=" " tag="337">
         <subfield code="a">unmediated</subfield>
         <subfield code="b">n</subfield>
         <subfield code="2">rdamedia</subfield>
         <subfield code="0">http://id.loc.gov/vocabulary/mediaTypes/n</subfield>
      </datafield>
      <datafield ind1=" " ind2=" " tag="338">
         <subfield code="a">volume</subfield>
         <subfield code="b">nc</subfield>
         <subfield code="2">rdacarrier</subfield>
         <subfield code="0">http://id.loc.gov/vocabulary/carriers/nc</subfield>
      </datafield>
      <datafield ind1=" " ind2=" " tag="500">
         <subfield code="a">Includes index.</subfield>
      </datafield>
      <datafield ind1=" " ind2=" " tag="596">
         <subfield code="a">42</subfield>
      </datafield>
      <datafield ind1=" " ind2="0" tag="650">
         <subfield code="a">Kinesiology</subfield>
         <subfield code="v">Textbooks.</subfield>
      </datafield>
      <datafield ind1="1" ind2=" " tag="700">
         <subfield code="a">Livingston, Lori A.</subfield>
         <subfield code="q">(Lori Anne),</subfield>
         <subfield code="d">1959-</subfield>
         <subfield code="e">author.</subfield>
         <subfield code="0">http://viaf.org/viaf/104778175</subfield>
      </datafield>
      <datafield ind1="1" ind2=" " tag="700">
         <subfield code="a">Challen, Paul C.</subfield>
         <subfield code="q">(Paul Clarence),</subfield>
         <subfield code="d">1967-</subfield>
         <subfield code="e">author.</subfield>
         <subfield code="0">http://id.loc.gov/authorities/names/n97059578</subfield>
         <subfield code="0">http://viaf.org/viaf/102286682</subfield>
      </datafield>
      <datafield ind1="1" ind2=" " tag="700">
         <subfield code="a">Mandigo, James,</subfield>
         <subfield code="e">author.</subfield>
         <subfield code="0">http://viaf.org/viaf/311457133</subfield>
      </datafield>
      <datafield ind1="1" ind2=" " tag="700">
         <subfield code="a">Roy, Brian,</subfield>
         <subfield code="e">author.</subfield>
         <subfield code="0">http://viaf.org/viaf/165375023</subfield>
      </datafield>
      <datafield ind1=" " ind2=" " tag="758">
         <subfield code="0">http://worldcat.org/entity/work/id/3859772129</subfield>
      </datafield>
      <datafield ind1="1" ind2=" " tag="770">
         <subfield code="a">Temertzoglou, Ted, 1964-, author.</subfield>
         <subfield code="t">Kinesiology.</subfield>
         <subfield code="w">(CaOONL)20149061404</subfield>
      </datafield>
      <datafield ind1="0" ind2=" " tag="787">
         <subfield code="n">OCLC Work Id</subfield>
         <subfield code="o">http://worldcat.org/entity/work/id/3859772129</subfield>
      </datafield>
      <datafield ind1=" " ind2=" " tag="949">
         <subfield code="a">QP 303 T44 2015</subfield>
         <subfield code="h">UAHL-B</subfield>
         <subfield code="i">0162035243706</subfield>
      </datafield>
      <datafield ind1=" " ind2=" " tag="926">
         <subfield code="a">QP 303 T44 2015</subfield>
         <subfield code="w">LC</subfield>
         <subfield code="c">1</subfield>
         <subfield code="i">0162035243706</subfield>
         <subfield code="d">12/7/2016</subfield>
         <subfield code="e">12/2/2016</subfield>
         <subfield code="l">ON_SHELF</subfield>
         <subfield code="m">UAHLTHSC</subfield>
         <subfield code="n">1</subfield>
         <subfield code="p">$150.00</subfield>
         <subfield code="r">Y</subfield>
         <subfield code="s">Y</subfield>
         <subfield code="t">BOOK</subfield>
         <subfield code="u">2/26/2015</subfield>
      </datafield>
   </record>
</collection>
